@article{newman04detecting,
        author = {Newman, M. },
        citeulike-article-id = {646478},
        doi = {10.1140/epjb/e2004-00124-y},
        issn = {1434-6028},
        journal = {The European Physical Journal B - Condensed Matter},
        keywords = {community_detection, review},
        month = {March},
        number = {2},
        pages = {321--330},
        priority = {0},
        publisher = {Springer},
        title = {Detecting community structure in networks},
        url = {http://dx.doi.org/10.1140/epjb/e2004-00124-y},
        volume = {38},
        year = {2004}
}

@inproceedings{chan93spectral,
 author = {Pak K. Chan and Martine D. F. Schlag and Jason Y. Zien},
 title = {Spectral K-way ratio-cut partitioning and clustering},
 booktitle = {DAC '93: Proceedings of the 30th international conference on Design automation},
 year = {1993},
 isbn = {0-89791-577-1},
 pages = {749--754},
 location = {Dallas, Texas, United States},
 doi = {http://doi.acm.org/10.1145/157485.165117},
 publisher = {ACM Press},
 address = {New York, NY, USA},
 }

@article{newman-survey,
  title={{The Structure and Function of Complex Networks}},
  author={Newman, MEJ},
  journal={SIAM Review},
  volume={45},
  number={2},
  pages={167--256},
  year = "2003"
}

@inproceedings{alpert-moreeigen,
 author = {Charles J. Alpert and So-Zen Yao},
 title = {Spectral partitioning: the more eigenvectors, the better},
 booktitle = {DAC '95: Proceedings of the 32nd ACM/IEEE conference on Design automa
tion},
 year = {1995},
 isbn = {0-89791-725-1},
 pages = {195--200},
 location = {San Francisco, California, United States},
 doi = {http://doi.acm.org/10.1145/217474.217529},
 publisher = {ACM Press},
 address = {New York, NY, USA},
 }

@article{alpert-kahng,
  author    = {Charles J. Alpert and
               Andrew B. Kahng},
  title     = {Multiway partitioning via geometric embeddings, orderings,
               and dynamic programming.},
  journal   = {IEEE Trans. on CAD of Integrated Circuits and Systems},
  volume    = {14},
  number    = {11},
  year      = {1995},
  pages     = {1342-1358},
  ee        = {http://doi.ieeecomputersociety.org/10.1109/43.469661},
  bibsource = {DBLP, http://dblp.uni-trier.de}
}

@article{alpert-survey,
 author = {Charles J. Alpert and Andrew B. Kahng},
 title = {Recent directions in netlist partitioning: a survey},
 journal = {Integr. VLSI J.},
 volume = {19},
 number = {1-2},
 year = {1995},
 issn = {0167-9260},
 pages = {1--81},
 doi = {http://dx.doi.org/10.1016/0167-9260(95)00008-4},
 publisher = {Elsevier Science Publishers B. V.},
 address = {Amsterdam, The Netherlands, The Netherlands},
 }

@book{ford1962flows,
  title={Flows in networks},
  author={Ford, LR and Fulkerson, Delbert Ray},
  volume={3},
  year={1962},
  publisher={Princeton Princeton University Press}
}

@article{ kleinberg99authoritative,
    author = "Jon Kleinberg",
    title = "Authoritative sources in a hyperlinked environment",
    journal = "Journal of the ACM",
    volume = "46",
    number = "5",
    pages = "604-632",
    year = "1999",
    url = "citeseer.nj.nec.com/article/kleinberg98authoritative.html" }

@book{chung1997spectral,
  title={Spectral graph theory},
  author={Chung, Fan RK},
  volume={92},
  year={1997},
  publisher={American Mathematical Soc.}
}
@book{bolla,
  title={Spectral Clustering and Biclustering: Learning Large Graphs and Contingency Tables},
  author={Bolla, Marianna},
  year={2013},
  publisher={John Wiley \& Sons}
}
@article{beltrami,
  title={Sulle funzioni bilineari},
  author={Beltrami, Eugenio},
  journal={Giornale di Matematiche ad Uso degli Studenti Delle Universita},
  volume={11},
  pages={98--106},
  year={1873}
}
@article{jordan,
  title={M{\'e}moire sur les formes bilin{\'e}aires.},
  author={Jordan, Camille},
  journal={Journal de math{\'e}matiques pures et appliqu{\'e}es},
  pages={35--54},
  year={1874}
}
@article{lang2005fixing,
  title={Fixing two weaknesses of the spectral method},
  author={Lang, Kevin J},
  journal={balance},
  volume={2},
  number={1},
  pages={2},
  year={2005}
}
@article{kannan2004clusterings,
  title={On clusterings: Good, bad and spectral},
  author={Kannan, Ravi and Vempala, Santosh and Vetta, Adrian},
  journal={Journal of the ACM (JACM)},
  volume={51},
  number={3},
  pages={497--515},
  year={2004},
  publisher={ACM}
}
@article{shi2000normalized,
  title={Normalized cuts and image segmentation},
  author={Shi, Jianbo and Malik, Jitendra},
  journal={Pattern Analysis and Machine Intelligence, IEEE Transactions on},
  volume={22},
  number={8},
  pages={888--905},
  year={2000},
  publisher={IEEE}
}
@inproceedings{brand2003unifying,
  title={A unifying theorem for spectral embedding and clustering},
  author={Brand, Matthew and Huang, Kun},
  booktitle={Proceedings of the Ninth International Workshop on Artificial Intelligence and Statistics},
  year={2003}
}
@article{lempelTKC,
  title={The stochastic approach for link-structure analysis (SALSA) and the TKC effect},
  author={Lempel, Ronny and Moran, Shlomo},
  journal={Computer Networks},
  volume={33},
  number={1},
  pages={387--401},
  year={2000},
  publisher={Elsevier}
}
@article{fiedler1973algebraic,
  title={Algebraic connectivity of graphs},
  author={Fiedler, Miroslav},
  journal={Czechoslovak Mathematical Journal},
  volume={23},
  number={2},
  pages={298--305},
  year={1973},
  publisher={Institute of Mathematics, Academy of Sciences of the Czech Republic}
}
@inproceedings{xu2007scan,
  title={SCAN: a structural clustering algorithm for networks},
  author={Xu, Xiaowei and Yuruk, Nurcan and Feng, Zhidan and Schweiger, Thomas AJ},
  booktitle={Proceedings of the 13th ACM SIGKDD international conference on Knowledge discovery and data mining},
  pages={824--833},
  year={2007},
  organization={ACM}
}
@incollection{kurucz,
  title={Geographically organized small communities and the hardness of clustering social networks},
  author={Kurucz, Mikl{\'o}s and Bencz{\'u}r, Andr{\'a}s A},
  booktitle={Data Mining for Social Network Data},
  pages={177--199},
  year={2010},
  publisher={Springer}
}
@book{rozsa,
  title={Line{\'a}ris algebra {\'e}s alkalmaz{\'a}sai},
  author={R{\'o}zsa, P{\'a}l},
  year={1991},
  publisher={Tank{\"o}nyvkiad{\'o}}
}
@book{hagen1991fast,
  title={Fast spectral methods for ratio cut partitioning and clustering},
  author={Hagen, Lars and Kahng, Andrew B},
  year={1991},
  publisher={Computer Science Department, University of California}
}
@book{lovasz2007combinatorial,
  title={Combinatorial problems and exercises},
  author={Lov{\'a}sz, L{\'a}szl{\'o}},
  volume={361},
  year={2007},
  publisher={American Mathematical Soc.}
}
@book{cvetkovic1980spectra,
  title={Spectra of graphs: Theory and application},
  author={Cvetkovic, Dragos M and Doob, Michael and Sachs, Horst},
  volume={413},
  year={1980},
  publisher={Academic press New York}
}


